%%% Patterns 

%%% Competitors
@online{koomey,
    author = {Jonathan G. Koomey},
    note = {Last access on Nov. 5\textsuperscript{th}, 2014},
    url = {http://www.koomey.com/post/8323374335}
}

@online{raft,
    author = {Raft},
    note = {Last access on Nov. 5\textsuperscript{th}, 2014},
    url = {http://raftconsensus.github.io/}
}

@online{aphyr,
    author = {Jepsen},
    note = {Last access on Nov. 5\textsuperscript{th}, 2014},
    url = {http://aphyr.com/posts/288-the-network-is-reliable}
}

@online{googlePUE,
    author = {Google},
    note = {Last access on Nov. 5\textsuperscript{th}, 2014},
    url = {http://www.google.com/about/datacenters/efficiency/internal/}
}

@online{googleServers,
    author = {Google},
    note = {Last access on Nov. 5\textsuperscript{th}, 2014},
    url = {http://www.google.com/about/datacenters/efficiency/external/index.html#best-practices}
}

@online{PDU,
    author = {Neil Rasmussen and Wendy Torell},
    note = {Last access on Nov. 5\textsuperscript{th}, 2014},
    url = {http://www.apcmedia.com/salestools/WTOL-7ANTKY/WTOL-7ANTKY_R3_EN.pdf}
}

@online{HP,
    author = {HP},
    note = {Last access on Nov. 5\textsuperscript{th}, 2014},
    url = {http://www8.hp.com/us/en/hp-information/environment/hp-data-center-smart-grid.html#.VFqS3XVdWkA}
}

@online{PowerAssure,
    author = {Jeff St. John},
    note = {Last access on Nov. 5\textsuperscript{th}, 2014},
    url = {http://www.greentechmedia.com/articles/read/putting-the-smart-grid-enabled-data-center-to-the-test}
}